<?xml version="1.0" encoding="UTF-8"?><record xmlns="http://www.loc.gov/MARC21/slim" xmlns:cinclude="http://apache.org/cocoon/include/1.0" xmlns:zs="http://www.loc.gov/zing/srw/">
  <leader>00429nz  a2200133n  4500</leader>
  <controlfield tag="001">no2004066701</controlfield>
  <controlfield tag="003">DLC</controlfield>
  <controlfield tag="005">20040715051805.0</controlfield>
  <controlfield tag="008">040714n| acannaabn          |n aaa     c</controlfield>
  <datafield tag="010" ind1=" " ind2=" ">
    <subfield code="a">no2004066701</subfield>
  </datafield>
  <datafield tag="035" ind1=" " ind2=" ">
    <subfield code="a">(OCoLC)oca06392040</subfield>
  </datafield>
  <datafield tag="040" ind1=" " ind2=" ">
    <subfield code="a">NcD</subfield>
    <subfield code="b">eng</subfield>
    <subfield code="c">NcD</subfield>
  </datafield>
  <datafield tag="100" ind1="1" ind2=" ">
    <subfield code="a">Lindvall, Johannes</subfield>
  </datafield>
  <datafield tag="670" ind1=" " ind2=" ">
    <subfield code="a">The politics of purpose, 2004:</subfield>
    <subfield code="b">t.p. (Johannes Lindvall) tipped-in added t.p. (Ph.D. from Dept. of Poli. Sci., GoĚteborg Univ., 2004)</subfield>
  </datafield>
</record>